@article{bergman1951kernel,
	title={Kernel functions and conformal mapping},
	author={Bergman, Stefan and Schiffer, M.},
	journal={Compositio Mathematica},
	volume={8},
	pages={205--249},
	year={1951}
}

@article{barnard1994distortion,
	title={A distortion theorem for biholomorphic mappings in $\mathbb{C}^2$},
	author={Barnard, Roger W. and FitzGerald, Carl H. and Gong, Sheng},
	journal={Transactions of the American Mathematical Society},
	volume={344},
	number={2},
	pages={907--924},
	year={1994}
}

@article{barnard1991growth,
	title={The growth and $\frac{1}{4}$-theorems for starlike mappings in $\mathbb{C}^n$},
	author={Barnard, Roger W. and FitzGerald, Carl H. and Gong, Sheng},
	journal={Pacific Journal of Mathematics},
	volume={150},
	number={1},
	pages={13--22},
	year={1991},
	publisher={Mathematical Sciences Publishers}
}

@article{bochner1943analytic,
	title={Analytic and meromorphic continuation by means of Green's formula},
	author={Bochner, Solomon},
	journal={Annals of Mathematics},
	pages={652--673},
	year={1943},
	publisher={JSTOR}
}

@article{bremermann1954aquivalenz,
	title={{\"U}ber die {\"A}quivalenz der pseudokonvexen Gebiete und der Holomorphiegebiete im Raum von n komplexen Ver{\"a}nderlichen},
	author={Bremermann, Hans J.},
	journal={Mathematische Annalen},
	volume={128},
	pages={63--91},
	year={1954},
	publisher={Springer}
}

@article{bremermann1956complex,
	title={Complex convexity},
	author={Bremermann, Hans J.},
	journal={Transactions of the American Mathematical Society},
	volume={82},
	number={1},
	pages={17--51},
	year={1956}
}

@article{bungart1964boundary,
	title={Boundary kernel functions for domains on complex manifolds.},
	author={Bungart, Lutz},
	journal={Pacific Journal of Mathematics},
	volume={14},
	pages={1151--1164},
	year={1964}
}

@book{montel1933leccons,
	title={Le{\c{c}}ons sur les fonctions univalentes ou multivalentes},
	author={Cartan, Henri and Montel, Paul},
	year={1933},
	pages={129--155},
	publisher={Gauthier-Villars}
}

@book{cartan1979collected,
	title={Collected Works, {R. Remmert and JP Serre} eds},
	author={Cartan, H.},
	year={1979},
	publisher={Springer-Verlag, New York}
}



@article{cartan1932theorie,
	title={Zur Theorie der Singularit{\"a}ten der Funktionen mehrerer komplexen Ver{\"a}nderlichen: Regularit{\"a}ts-und Konvergenzbereiche},
	author={Cartan, Henri and Thullen, Peter},
	journal={Mathematische Annalen},
	volume={106},
	pages={617--647},
	year={1932},
	publisher={Springer}
}

@article{duren1986distortion,
	title={Distortion in several variables},
	author={Duren, Peter and Rudin, Walter},
	journal={Complex Variables and Elliptic Equations},
	volume={5},
	number={2-4},
	pages={323--326},
	year={1986},
	publisher={Taylor \& Francis}
}

@article{dong1992growth,
	title={The growth and $\frac14$ theorems for starlike mappings in a Banach space},
	author={Dong, D. J. and Zhang, W. J.},
	journal={Chin Sci Bull},
	volume={37},
	pages={1062},
	year={1992}
}

@article{ehrenpreis1961new,
	title={A new proof and an extension of Hartog's theorem},
	author={Ehrenpreis, Leon},
	journal={American Mathematical Society},
	volume={67},
	pages={507--509},
	year={1961}
}

@article{fefferman1974bergman,
	title={On the Bergman kernel and biholomorphic mappings of pseudoconvex domains},
	author={Fefferman, Charles},
	journal={Invent. Math},
	volume={26},
	pages={1--65},
	year={1974}
}

@book{龚昇1982多复变数的奇异积分,
	title={多复变数的奇异积分},
	author={龚{\CJKfontspec{simsun.ttf}昇}},
	year={1982},
	publisher={上海科学技术出版社}
}

@article{gong1993biholomorphic,
	title={Biholomorphic mappings in several complex variables},
	author={Gong, Sheng},
	journal={Contemporary Mathematics},
	volume={142},
	pages={15--48},
	year={1993}
}

@book{龚昇1995多复变数的凸映照与星形映照,
	title={多复变数的凸映照与星形映照},
	author={龚{\CJKfontspec{simsun.ttf}昇}},
	publisher={科学出版社},
	year={1995}
}

@book{grauert2012several,
	title={Several complex variables},
	author={Grauert, Hans and Fritzsche, Klaus},
	volume={38},
	year={2012},
	publisher={Springer Science \& Business Media}
}

@article{gong1991growth,
	title={The growth theorem of biholomorphic convex mappings on $B_p$},
	author={Gong, Sheng and Liu, Taishun},
	journal={Chin. Quar. Jour. Math},
	volume={6},
	pages={78--82},
	year={1991}
}

@book{戈卢津1956复变函数的几何理论,
	title={复变函数的几何理论},
	author={戈卢津 and 陈建功},
	year={1956},
	publisher={科学出版社}
}

@article{grauert1958levi,
	title={On Levi's problem and the imbedding of real-analytic manifolds},
	author={Grauert, Hans},
	journal={Annals of Mathematics},
	pages={460--472},
	year={1958},
	publisher={JSTOR}
}

@article{grauert1970ramirezsche,
	title={Das Ramirezsche Integral Und Die L{\"o}sung Der Gleichung $\bar{\partial}f=\alpha$ Im Bereich Der Beschr{\"a}ankten Formen},
	author={Grauert, Hans and Lieb, Ingo},
	journal={Rice Institute Pamphlet-Rice University Studies},
	volume={56},
	number={2},
	pages={29--50},
	year={1970},
	publisher={Rice University}
}

@article{henkin1969integral,
	title={Integral representations of functions holomorphic in strictly pseudo-convex domains and some applications},
	author={Henkin, Gennadi M.},
	journal={Mathematics of the USSR-Sbornik},
	volume={7},
	number={4},
	pages={597--616},
	year={1969},
	publisher={IOP Publishing}
}

@article{henkin1970integral,
	title={Integral representations of functions holomorphic in strictly pseudoconvex domains and applications to the $\bar{\partial}$ -problem},
	author={Henkin, Gennadi M.},
	journal={Mat. Sb},
	volume={82},
	number={124},
	pages={300--308},
	year={1970}
}

@article{hormander19652,
	title={{$L^2$} estimates and existence thereoms for the $\bar{\partial}$-operator},
	author={H{\"o}rmander, Lars},
	journal={Acta Math},
	volume={113},
	pages={89--152},
	year={1965}
}

@book{hormander1973introduction,
	title={An introduction to complex analysis in several variables},
	author={H{\"o}rmander, Lars},
	edition={2},
	year={1973},
	publisher={North Holland Publishing Co.}
}

@book{华罗庚1958多复变数函数论中的典型域的调和分析,
	title={多复变数函数论中的典型域的调和分析},
	author={华罗庚},
	publisher={科学出版社},
	year={1958}
}

@article{kikuchi1973starlike,
	title={Starlike and convex mappings in several complex variables},
	author={Kikuchi, Keiz{\=o}},
	journal={Pacific Journal of Mathematics},
	volume={44},
	number={2},
	pages={569--580},
	year={1973},
	publisher={Mathematical Sciences Publishers}
}

@article{kohn1963harmonic,
	title={Harmonic integrals on strongly pseudo-convex manifolds, I},
	author={Kohn, Joseph J.},
	journal={Annals of mathematics},
	volume={78},
	pages={112--148},
	year={1963},
	publisher={JSTOR}
}

@book{krantz2001function,
	title={Function theory of several complex variables},
	author={Krantz, Steven George},
	volume={340},
	year={2001},
	publisher={American Mathematical Soc.}
}

@inproceedings{lelong1945fonctions,
	title={Les fonctions plurisousharmoniques},
	author={Lelong, Pierre},
	booktitle={Annales scientifiques de l'{\'E}cole Normale Sup{\'e}rieure},
	volume={62},
	pages={301--338},
	year={1945}
}

@article{lelong1952convexite,
	title={La convexit{\'e} et les fonctions analytiques de plusieurs variables complexes},
	author={Lelong, Pierre},
	journal={J. Math. Pures Appl.(9)},
	volume={31},
	pages={191--219},
	year={1952}
}

@article{lieb1970cauchy,
	title={Die Cauchy-Riemannschen Differentialgleichungen auf streng pseudokonvexen Gebieten: Beschr{\"a}nkte L{\"o}sungen},
	author={Lieb, Ingo},
	journal={Mathematische Annalen},
	volume={190},
	pages={6--44},
	year={1970},
	publisher={Springer}
}

@phdthesis{liu1989growth,
	title={The growth theorems, covering theorems and distortion theorems for biholomorphic mappings on classical domains},
	author={Liu, T. S.},
	year={1989},
	school={USTC}
}

@article{刘太顺1999n,
	title={$\mathbb{C}^n$中双全纯凸映射的偏差定理},
	author={刘太顺 and 张文俊},
	journal={数学年刊: A 辑},
	volume={20},
	number={4},
	pages={505--512},
	year={1999}
}

@article{陆启铿1956多复变数函数与酉几何,
	title={多复变数函数与酉几何},
	author={陆启铿},
	journal={数学进展},
	volume={2},
	pages={567--662},
	year={1956}
}

@book{陆启铿1961多复变数函数引论,
	title={多复变数函数引论},
	author={陆启铿},
	publisher={科学出版社},
	year={1961},
}

@book{陆启铿1963典型流形与典型域,
	title={典型流形与典型域},
	author={陆启铿},
	year={1963},
	publisher={上海科学技术出版社}
}

@article{miller1976subordinating,
	title={Subordinating factor sequences and convex functions of several variables},
	author={Miller, James},
	journal={Pacific Journal of Mathematics},
	volume={65},
	number={1},
	pages={159--165},
	year={1976},
	publisher={Mathematical Sciences Publishers}
}

@book{narasimhan1971several,
	title={Several complex variables},
	author={Narasimhan, Raghavan},
	year={1971},
	publisher={University of Chicago Press}
}

@article{norguet1954domaines,
	title={Sur les domaines d'holomorphie des fonctions uniformes de plusieurs variables complexes.(Passage du local au global.)},
	author={Norguet, Fran{\c{c}}ois},
	journal={Bulletin de la Soci{\'e}t{\'e} Math{\'e}matique de France},
	volume={82},
	pages={137--159},
	year={1954}
}

@misc{oka1984collected,
	title={Collected papers, {Transl. by R. Narasimhan, with comments by H. Cartan and R. Remmert}},
	author={Oka, K.},
	year={1984},
	publisher={Springer-Verlag, New York}
}

@article{ramirez1970divisions,
	title={Divisions problem in der komplexen analysis mit einer Anwendung auf Rand integral darstellung},
	author={Ramirez, E.},
	journal={Math. Ann},
	volume={184},
	pages={172--187},
	year={1970}
}

@book{range1998holomorphic,
	title={Holomorphic functions and integral representations in several complex variables},
	author={Range, R. Michael},
	volume={108},
	year={1998},
	publisher={Springer Science \& Business Media}
}

@book{rudin1976principles,
	title={Principles of mathematical analysis},
	author={Rudin, Walter},
	volume={3},
	year={1976},
	publisher={McGraw-hill New York}
}

@book{rudin2008function,
	title={Function theory in the unit ball of $\mathbb{C}^n$},
	author={Rudin, Walter},
	year={2008},
	publisher={Springer Science \& Business Media}
}

@article{史济怀1981new,
	title={A NEW PROOF OF POLYDISC'S ANALYTIC NON-EQUIVALENCE TO ANY BALL},
	author={史济怀},
	journal={科学通报: 英文版},
	volume={26},
	number={10},
	pages={952--953},
	year={1981}
}

@article{史济怀1982bound,
	title={On the bound of convexity of univalent analytic maps of the ball},
	author={史济怀},
	journal={科学通报: 英文版},
	volume={27},
	number={5},
	pages={473--476},
	year={1982}
}

@book{萧荫堂2013多复变函数论,
	title={多复变函数论},
	author={萧荫堂 and 陈志华 and 钟家庆},
	publisher={高等教育出版社},
	year={2013}
}

@article{suffridge1970principle,
	title={The principle of subordination applied to functions of several variables},
	author={Suffridge, Ted},
	journal={Pacific Journal of Mathematics},
	volume={33},
	number={1},
	pages={241--248},
	year={1970},
	publisher={Mathematical Sciences Publishers}
}

@article{suffridge1973starlike,
	title={Starlike and convex maps in Banach spaces},
	author={Suffridge, Ted},
	journal={Pacific Journal of Mathematics},
	volume={46},
	number={2},
	pages={575--589},
	year={1973},
	publisher={Mathematical Sciences Publishers}
}

@article{fitzgerald1990convex,
	title={Convex mappings from the unit ball in $\mathbb{C}^n$ into $\mathbb{C}^n$},
	author={FitzGerald, C. and Thomas, C.},
	journal={Abstract of papers presented to A. M. S},
	volume={66},
	pages={46},
	year={1990}
}

@book{徐森林1981流形,
	title={流形和 Stokes 定理},
	author={徐森林},
	year={1981},
	publisher={人民教育出版社}
}

@book{钟家庆1983多复分析,
	title={多复分析基础},
	author={钟家庆},
	year={1983},
	publisher={北京大学数学系、中国科学院数学研究所}
}

@book{钟同德1986多复变函数的积分表示与多维奇异积分方程,
	title={多复变函数的积分表示与多维奇异积分方程},
	author={钟同德},
	publisher={厦门大学出版社},
	year={1986}
}